%%% References/Bibliography
@misc{TODO,
    author        = {Unknown, Author},
    title         = {{TODO}},
}
@misc{secondary_review,
    author        = {Unknown, Author},
    title         = {{Secondary Review}},
}
@online{MaresTemplate,
    author        = {Mare\v{s}, Martin and Kom\'{a}rek, Arno\v{s}t and Kulich, Michal},
    title         = {{A Template for Typesetting Documents at MFF UK in \LaTeX{}}},
    year          = {2024},
    note          = {Available from the MFF UK document template archive},
}
@online{TeXtured,
    author        = {Dujava, Jon\'{a}\v{s}},
    title         = {{\TeXtured{} --- \LaTeX{} Template}},
    year          = {2024},
    url           = {https://overleaf.com/latex/templates/textured/zwtzzwgddbsh},
    github        = {jdujava/TeXtured},
}
@online{ITTtemplate,
    author        = {Wild, Vasco Alexander and Povel, Alex},
    title         = {{Template of the Institute of Engineering Thermodynamics (M-21)}},
    year          = {2024},
    note          = {Institute of Engineering Thermodynamics (M-21) document template},
}
